<?xml version="1.0" encoding="utf-8"?>
<record xmlns="http://www.loc.gov/MARC21/slim" xmlns:xsi="http://www.w3.org/2001/XMLSchema-instance" xsi:schemaLocation="http://www.loc.gov/MARC21/slim http://www.loc.gov/standards/marcxml/schema/MARC21slim.xsd">
	<leader>     nam a22        4500</leader>
	<controlfield tag="001">001976552</controlfield>
	<controlfield tag="003">NNU</controlfield>
	<controlfield tag="006">m        d        </controlfield>
	<controlfield tag="007">cr cn |||m|||a</controlfield>
	<controlfield tag="008">150623s1954    ua      ob    001 0 arard</controlfield>
	<datafield ind1=" " ind2=" " tag="040">
		<subfield code="a">NNU</subfield>
		<subfield code="b">eng</subfield>
		<subfield code="e">rda</subfield>
		<subfield code="c">NNU</subfield>
	</datafield>
	<datafield ind1="0" ind2=" " tag="041">
		<subfield code="a">ara</subfield>
		<subfield code="a">fre</subfield>
	</datafield>
	<datafield ind1=" " ind2="4" tag="050">
		<subfield code="a">BP189</subfield>
		<subfield code="b">.L28 1954</subfield>
	</datafield>
	<datafield ind1="0" ind2=" " tag="100">
		<subfield code="6">880-01</subfield>
		<subfield code="a">ʻAbd al-Muʻṭī ibn Maḥmūd ibn ʻAbd ʻAlī al-Lakhmī al-Iskandarānī,</subfield>
		<subfield code="d">active 13th century.</subfield>
	</datafield>
	<datafield ind1="1" ind2="0" tag="245">
		<subfield code="6">880-02</subfield>
		<subfield code="a">Sharḥ Manāzil al-sāʼirīn /</subfield>
		<subfield code="c">li-Sadīd al-Dīn Abī Muḥammad ʻAbd al-Muʻṭī ibn Abī al-Thanāʼ Maḥmūd ibn ʻAbd al-Muʻṭī al-Lakhmī al-Iskandarī ; ḥaqqaqahu wa-qaddama la-hu S. dī Lawjīyah dī Būrakī.</subfield>
	</datafield>
	<datafield ind1="3" ind2=" " tag="246">
		<subfield code="a">Commentaire du Livre des étapes</subfield>
	</datafield>
	<datafield ind1=" " ind2=" " tag="260">
		<subfield code="6">880-03</subfield>
		<subfield code="a">al-Qāhirah :</subfield>
		<subfield code="b">al-Maʻhad al-ʻIlmī al-Faransī lil-Āthār al-Sharqīyah,</subfield>
		<subfield code="c">1954.</subfield>
	</datafield>
	<datafield ind1=" " ind2=" " tag="300">
		<subfield code="a">online resource (12, 230, 37 pages)</subfield>
	</datafield>
	<datafield ind1=" " ind2=" " tag="336">
		<subfield code="a">text</subfield>
		<subfield code="2">rdacontent</subfield>
	</datafield>
	<datafield ind1=" " ind2=" " tag="337">
		<subfield code="a">computer</subfield>
		<subfield code="2">rdamedia</subfield>
	</datafield>
	<datafield ind1=" " ind2=" " tag="338">
		<subfield code="a">online resource</subfield>
		<subfield code="2">rdacarrier</subfield>
	</datafield>
	<datafield ind1="1" ind2=" " tag="490">
		<subfield code="6">880-04</subfield>
		<subfield code="a">Nuṣūṣ wa-tarjamāt ;</subfield>
		<subfield code="v">al-mujallad 18</subfield>
	</datafield>
	<datafield ind1="1" ind2=" " tag="490">
		<subfield code="6">880-05</subfield>
		<subfield code="a">Anṣārīyāt.</subfield>
		<subfield code="a">al-silsilah 1. ;</subfield>
		<subfield code="v">al-kitāb 2</subfield>
	</datafield>
	<datafield ind1=" " ind2=" " tag="500">
		<subfield code="a">Introd. also in French.</subfield>
	</datafield>
	<datafield ind1=" " ind2=" " tag="500">
		<subfield code="a">Title on added t.p.: Commentaire du Livre des étapes.</subfield>
	</datafield>
	<datafield ind1=" " ind2=" " tag="500">
		<subfield code="a">Part of the Arabic Collections Online (ACO) project, contributed by New York Univeristy Libraries.</subfield>
	</datafield>
	<datafield ind1=" " ind2=" " tag="504">
		<subfield code="a">Includes bibliographical references and indexes.</subfield>
	</datafield>
	<datafield ind1=" " ind2=" " tag="533">
		<subfield code="a">Electronic reproduction.</subfield>
		<subfield code="b">New York, N.Y. :</subfield>
		<subfield code="c">New York University,</subfield>
		<subfield code="d">2015.</subfield>
		<subfield code="5">NNU</subfield>
	</datafield>
	<datafield ind1="1" ind2="0" tag="600">
		<subfield code="6">880-06</subfield>
		<subfield code="a">Anṣārī al-Harawī, ʻAbd Allāh ibn Muḥammad,</subfield>
		<subfield code="d">1006-1089.</subfield>
		<subfield code="t">Manāzil al-sāʼirīn.</subfield>
	</datafield>
	<datafield ind1=" " ind2="0" tag="650">
		<subfield code="a">Mysticism</subfield>
		<subfield code="x">Islam</subfield>
		<subfield code="v">Early works to 1800.</subfield>
	</datafield>
	<datafield ind1=" " ind2="0" tag="650">
		<subfield code="a">Sufism</subfield>
		<subfield code="v">Early works to 1800.</subfield>
	</datafield>
	<datafield ind1="0" ind2="7" tag="630">
		<subfield code="a">Manāzil al-sāʼirīn (Anṣārī al-Harawī, ʻAbd Allāh ibn Muḥammad)</subfield>
		<subfield code="2">fast</subfield>
		<subfield code="0">(OCoLC)fst01369532</subfield>
	</datafield>
	<datafield ind1=" " ind2="7" tag="650">
		<subfield code="a">Mysticism</subfield>
		<subfield code="x">Islam.</subfield>
		<subfield code="2">fast</subfield>
		<subfield code="0">(OCoLC)fst01031643</subfield>
	</datafield>
	<datafield ind1=" " ind2="7" tag="650">
		<subfield code="a">Sufism.</subfield>
		<subfield code="2">fast</subfield>
		<subfield code="0">(OCoLC)fst01137257</subfield>
	</datafield>
	<datafield ind1=" " ind2="7" tag="655">
		<subfield code="a">Early works.</subfield>
		<subfield code="2">fast</subfield>
		<subfield code="0">(OCoLC)fst01411636</subfield>
	</datafield>
	<datafield ind1="1" ind2=" " tag="700">
		<subfield code="a">Beaureceuil, Serge de,</subfield>
		<subfield code="d">1917-</subfield>
	</datafield>
	<datafield ind1="1" ind2="2" tag="700">
		<subfield code="6">880-07</subfield>
		<subfield code="a">Anṣārī al-Harawī, ʻAbd Allāh ibn Muḥammad,</subfield>
		<subfield code="d">1006-1089.</subfield>
		<subfield code="t">Manāzil al-sāʼirīn.</subfield>
	</datafield>
	<datafield ind1="2" ind2=" " tag="710">
		<subfield code="a">New York University.</subfield>
		<subfield code="b">Libraries.</subfield>
	</datafield>
	<datafield ind1="0" ind2=" " tag="730">
		<subfield code="a">Arabic Collections Online.</subfield>
	</datafield>
	<datafield ind1="0" ind2="8" tag="776">
		<subfield code="i">Online version:</subfield>
		<subfield code="a">ʻAbd al-Muʻṭī ibn Maḥmūd ibn ʻAbd ʻAlī al-Lakhmī al-Iskandarānī, 13th cent.</subfield>
		<subfield code="t">Sharḥ Manāzil al-sāʼirīn.</subfield>
		<subfield code="d">al-Qāhirah : al-Maʻhad al-ʻIlmī al-Faransī lil-Āthār al-Sharqīyah, 1954</subfield>
		<subfield code="w">(OCoLC)551261972</subfield>
	</datafield>
	<datafield ind1="0" ind2="8" tag="776">
		<subfield code="i">Print version:</subfield>
		<subfield code="a">ʻAbd al-Muʻṭī ibn Maḥmūd ibn ʻAbd ʻAlī al-Lakhmī al-Iskandarānī, active 13th century.</subfield>
		<subfield code="t">Sharḥ Manāzil al-sāʼirīn</subfield>
		<subfield code="w">(NNU)001976552</subfield>
	</datafield>
	<datafield ind1="4" ind2="0" tag="856">
		<subfield code="u">http://hdl.handle.net/2333.1/rv15dxnh</subfield>
	</datafield>
	<datafield ind1="1" ind2=" " tag="880">
		<subfield code="6">100-01/</subfield>
		<subfield code="a">‏اسكندري، عبد المعطي بن محمود،‏,</subfield>
		<subfield code="d">‏‪41 or 1240-8 or 1167‬.</subfield>
	</datafield>
	<datafield ind1="1" ind2="0" tag="880">
		<subfield code="6">245-02/</subfield>
		<subfield code="a">‏شرح منازل السائرين /‏</subfield>
		<subfield code="c">‏لسديد الدين أبي محمد عبد المعطي بن أبي الثناء محمود بن عبد المعطي اللخمي الاسكندري ؛ حققه وقدم له س. دي لوجييه دي بوركي الدومنكي.</subfield>
	</datafield>
	<datafield ind1=" " ind2=" " tag="880">
		<subfield code="6">260-03/</subfield>
		<subfield code="a">‏القاهرة :‏</subfield>
		<subfield code="b">‏المعهد العلمي الفرنسي للآثار الشرقية،‏</subfield>
		<subfield code="c">‏1954.</subfield>
	</datafield>
	<datafield ind1="1" ind2=" " tag="880">
		<subfield code="6">490-04/</subfield>
		<subfield code="a">‏نصوص وترجمات ؛‏</subfield>
		<subfield code="v">‏المجلد 18</subfield>
	</datafield>
	<datafield ind1="1" ind2=" " tag="880">
		<subfield code="6">490-05/</subfield>
		<subfield code="a">انصاريات.</subfield>
		<subfield code="a">السلسلة 1. ؛</subfield>
		<subfield code="v">الكتاب 2</subfield>
	</datafield>
	<datafield ind1="1" ind2="4" tag="880">
		<subfield code="6">600-06/</subfield>
		<subfield code="a">‏أنصاري الهروي، عبد الله بن محمد،‏,</subfield>
		<subfield code="d">‏‪1089-1006‬.‏.</subfield>
		<subfield code="t">‏منازل السائرين.</subfield>
	</datafield>
	<datafield ind1="1" ind2="2" tag="880">
		<subfield code="6">700-07/</subfield>
		<subfield code="a">‏أنصاري الهروي، عبد الله بن محمد،‏,</subfield>
		<subfield code="d">‏‪1089-1006‬.‏.</subfield>
		<subfield code="t">‏منازل السائرين.</subfield>
	</datafield>
	<datafield ind1=" " ind2="0" tag="830">
		<subfield code="a">Textes et traductions d'auteurs orientaux ;</subfield>
		<subfield code="v">t. 18.</subfield>
	</datafield>
	<datafield ind1="1" ind2=" " tag="800">
		<subfield code="6">880-08</subfield>
		<subfield code="a">Anṣārī al-Harawī, ʻAbd Allāh ibn Muḥammad,</subfield>
		<subfield code="d">1006-1089.</subfield>
		<subfield code="t">Anṣārīyāt.</subfield>
		<subfield code="n">al-Silsilah 1 ;</subfield>
		<subfield code="v">al-kitāb 2.</subfield>
	</datafield>
	<datafield ind1="1" ind2=" " tag="880">
		<subfield code="6">800-08/</subfield>
		<subfield code="a">انصاري الهروي، عبد الله بن محمد،</subfield>
		<subfield code="d">10061089.</subfield>
		<subfield code="t">انصاريات.</subfield>
		<subfield code="n">السلسلة 1 ؛</subfield>
		<subfield code="v">الكتاب 2.</subfield>
	</datafield>
	<datafield ind1=" " ind2=" " tag="959">
		<subfield code="a">NNU</subfield>
		<subfield code="b">WEB</subfield>
		<subfield code="c">GENI</subfield>
		<subfield code="t">0</subfield>
		<subfield code="m">Electronic access</subfield>
		<subfield code="s">01</subfield>
	</datafield>
	<datafield ind1=" " ind2=" " tag="999">
		<subfield code="i">NNU_001976552</subfield>
		<subfield code="s">nyu_aco000777</subfield>
		<subfield code="e">(ERROR-880)</subfield>
	</datafield>
</record>
